# vim:foldmethod=syntax

@book{villa,
	author = {José Villa Morales},
	title = {Introducción a la Medida y a la Integración.},
	year = 2005,
	chapter = 2.3,
}

@book{graf,
	author = {Reinhard Diestel},
	title = {Graph Theory},
	year = 2000,
	chapter = 1,
}

@book{spivak_var,
	author = {Michael Spivak},
	title = {Calculus on Manifolds.},
	year = 1995,
	chapter = {1. Functions on Euclidean Space},
}

